<?xml version="1.0" encoding="UTF-8"?><record xmlns="http://www.loc.gov/MARC21/slim" xmlns:cinclude="http://apache.org/cocoon/include/1.0" xmlns:zs="http://www.loc.gov/zing/srw/">
  <leader>00503nz  a2200133n  4500</leader>
  <controlfield tag="001">no2012021851</controlfield>
  <controlfield tag="003">DLC</controlfield>
  <controlfield tag="005">20120216075150.0</controlfield>
  <controlfield tag="008">120214n| acannaabn          |n aaa     c</controlfield>
  <datafield tag="010" ind1=" " ind2=" ">
    <subfield code="a">no2012021851</subfield>
  </datafield>
  <datafield tag="035" ind1=" " ind2=" ">
    <subfield code="a">(OCoLC)oca09115668</subfield>
  </datafield>
  <datafield tag="040" ind1=" " ind2=" ">
    <subfield code="a">TxCM</subfield>
    <subfield code="b">eng</subfield>
    <subfield code="c">TxCM</subfield>
  </datafield>
  <datafield tag="100" ind1="1" ind2=" ">
    <subfield code="a">Lara, Sebastián,</subfield>
    <subfield code="d">1980-</subfield>
  </datafield>
  <datafield tag="670" ind1=" " ind2=" ">
    <subfield code="a">eos méxico, 2011:</subfield>
    <subfield code="b">t.p. (Sebastián Lara) p. 179 (Sebastián Lara, Meico DF, 1980; graduated in Industrial Design from the Univ. Autó. de Guadalajara; since 2004 partner at eos méxico studio)</subfield>
  </datafield>
</record>